@misc{montera11,
author = {MONTERA, LUCIANA},
title = {Interpolação},
date = {30 de outubro de 2011},
note = "Disponível em \url{http://www.facom.ufms.br/~montera/Interpolacao_alunos.pdf}",
organization = {Faculdade de Computação - UFMS},
urldate = {22 de junho de 2013},
}
